<?xml version="1.0" encoding="UTF-8"?><collection xmlns="http://www.loc.gov/MARC21/slim"><record><leader>00465nam--2200181-u-4500</leader><controlfield tag="001">000052105</controlfield><controlfield tag="002">20161230</controlfield><controlfield tag="005">20161230201049</controlfield><controlfield tag="008">090716s1000------------r-----000-0-eng-d</controlfield><datafield ind1=" " ind2=" " tag="040"><subfield code="a">IFIN-HH</subfield></datafield><datafield ind1=" " ind2=" " tag="080"><subfield code="a">518.2</subfield></datafield><datafield ind1="1" ind2=" " tag="100"><subfield code="a">Karpova, K. A</subfield></datafield><datafield ind1="1" ind2=" " tag="245"><subfield code="a">Tablitsy Sfericheskikh Funktsii Besselya</subfield></datafield><datafield ind1=" " ind2=" " tag="260"><subfield code="a">Moskva</subfield><subfield code="c">1963</subfield></datafield><datafield ind1=" " ind2=" " tag="300"><subfield code="a">375 p</subfield></datafield><datafield ind1=" " ind2=" " tag="490"><subfield code="a">Biblioteka Matematicheskikh Tablits</subfield><subfield code="v">Tom 1 vyp.20</subfield></datafield><datafield ind1=" " ind2=" " tag="852"><subfield code="a">8145</subfield><subfield code="c">518.2</subfield></datafield><datafield ind1=" " ind2=" " tag="CAT"><subfield code="a">Sys</subfield><subfield code="c">20090716</subfield><subfield code="h">062029</subfield></datafield></record></collection>